<record xmlns="http://www.loc.gov/MARC21/slim" xmlns:xsi="http://www.w3.org/2001/XMLSchema-instance" xsi:schemaLocation="http://www.loc.gov/MARC21/slim http://www.loc.gov/standards/marcxml/schema/MARC21slim.xsd"><leader>02399nam a2200421   4500</leader><controlfield tag="001">1880480</controlfield><controlfield tag="003">NIC</controlfield><controlfield tag="006">m        d        </controlfield><controlfield tag="007">cr cn |||m|||a</controlfield><controlfield tag="008">150113r19821969ir      ob    001 0 arar </controlfield><datafield ind1=" " ind2=" " tag="040"><subfield code="a">NNU</subfield><subfield code="b">eng</subfield><subfield code="e">rda</subfield><subfield code="c">NNU</subfield></datafield><datafield ind1="0" ind2="0" tag="050"><subfield code="a">PJ6696.Z5</subfield><subfield code="b">I543 1982</subfield></datafield><datafield ind1="1" ind2=" " tag="100"><subfield code="6">880-01</subfield><subfield code="a">Ibn al-Anba&#772;ri&#772;, &#699;Abd al-Rah&#803;ma&#772;n ibn Muh&#803;ammad,</subfield><subfield code="d">1119-1181.</subfield></datafield><datafield ind1="1" ind2="3" tag="245"><subfield code="6">880-02</subfield><subfield code="a">al-Baya&#772;n fi&#772; ghari&#772;b i&#699;ra&#772;b al-Qur&#700;a&#772;n /</subfield><subfield code="c">ta&#700;li&#772;f Abu&#772; al-Baraka&#772;t ibn al-Anba&#772;ri&#772; ; tah&#803;qi&#772;q T&#803;a&#772;ha&#772; &#699;Abd al-H&#803;ami&#772;d T&#803;a&#772;ha&#772; ; mura&#772;ja&#699;at Mus&#803;t&#803;afa&#769; al-Saqqa&#772;.</subfield></datafield><datafield ind1=" " ind2=" " tag="260"><subfield code="6">880-03</subfield><subfield code="a">Qum, I&#772;ra&#772;n :</subfield><subfield code="b">Intisha&#772;ra&#772;t al-Hijrah,</subfield><subfield code="c">1403 [1982 or 1983]</subfield></datafield><datafield ind1=" " ind2=" " tag="300"><subfield code="a">online resource (2 volumes)</subfield></datafield><datafield ind1=" " ind2=" " tag="336"><subfield code="a">text</subfield><subfield code="2">rdacontent</subfield></datafield><datafield ind1=" " ind2=" " tag="337"><subfield code="a">computer</subfield><subfield code="2">rdamedia</subfield></datafield><datafield ind1=" " ind2=" " tag="338"><subfield code="a">online resource</subfield><subfield code="2">rdacarrier</subfield></datafield><datafield ind1=" " ind2=" " tag="500"><subfield code="a">Reprint. Originally published: Cairo : Da&#772;r al-Ka&#772;tib al-&#699;Arabi&#772;, 1969-1970.</subfield></datafield><datafield ind1=" " ind2=" " tag="500"><subfield code="a">Part of the Arabic Collections Online (ACO) project, contributed by Cornell University Libraries.</subfield></datafield><datafield ind1=" " ind2=" " tag="504"><subfield code="a">Includes bibliographical references (v. 2, pages 575-576) and index.</subfield></datafield><datafield ind1=" " ind2=" " tag="533"><subfield code="a">Electronic reproduction.</subfield><subfield code="b">New York, N.Y. :</subfield><subfield code="c">New York University,</subfield><subfield code="d">2015.</subfield><subfield code="5">NNU</subfield></datafield><datafield ind1="0" ind2="0" tag="630"><subfield code="a">Qur&#700;an</subfield><subfield code="x">Language, style</subfield><subfield code="v">Early works to 1800.</subfield></datafield><datafield ind1=" " ind2="0" tag="650"><subfield code="a">Arabic language</subfield><subfield code="x">Parsing</subfield><subfield code="v">Early works to 1800.</subfield></datafield><datafield ind1="1" ind2=" " tag="700"><subfield code="6">880-04</subfield><subfield code="a">T&#803;a&#772;ha&#772;, T&#803;a&#772;ha&#772; &#699;Abd al-H&#803;ami&#772;d.</subfield></datafield><datafield ind1="1" ind2=" " tag="700"><subfield code="6">880-05</subfield><subfield code="a">Saqqa&#772;, Mus&#803;t&#803;afa&#769;.</subfield></datafield><datafield ind1="2" ind2=" " tag="710"><subfield code="a">Cornell University.</subfield><subfield code="b">Libraries.</subfield></datafield><datafield ind1="0" ind2=" " tag="730"><subfield code="a">Arabic Collections Online.</subfield></datafield><datafield ind1="0" ind2="8" tag="776"><subfield code="i">Print version:</subfield><subfield code="a">Ibn al-Anba&#772;ri&#772;, &#699;Abd al-Rah&#803;ma&#772;n ibn Muh&#803;ammad, 1119-1181.</subfield><subfield code="t">al-Baya&#772;n fi&#772; ghari&#772;b i&#699;ra&#772;b al-Qur&#700;a&#772;n</subfield><subfield code="w">(NIC)1880480</subfield><subfield code="w">(DLC)   85931808 </subfield><subfield code="w">(OCoLC)15550511</subfield></datafield><datafield ind1="4" ind2="0" tag="856"><subfield code="u">http://hdl.handle.net/2333.1/s7h44m9z</subfield></datafield><datafield ind1="1" ind2=" " tag="880"><subfield code="6">100-01/r</subfield><subfield code="a">&#1575;&#1576;&#1606; &#1575;&#1604;&#1571;&#1606;&#1576;&#1575;&#1585;&#1610;&#1548; &#1593;&#1576;&#1583; &#1575;&#1604;&#1585;&#1581;&#1605;&#1606; &#1576;&#1606; &#1605;&#1581;&#1605;&#1583;.</subfield></datafield><datafield ind1="1" ind2="3" tag="880"><subfield code="6">245-02/r</subfield><subfield code="a">&#1575;&#1604;&#1576;&#1610;&#1575;&#1606; &#1601;&#1610; &#1594;&#1585;&#1610;&#1576; &#1573;&#1593;&#1585;&#1575;&#1576; &#1575;&#1604;&#1602;&#1585;&#1570;&#1606; /</subfield><subfield code="c">&#1578;&#1571;&#1604;&#1610;&#1601; &#1571;&#1576;&#1608; &#1575;&#1604;&#1576;&#1585;&#1603;&#1575;&#1578; &#1576;&#1606; &#1575;&#1604;&#1571;&#1606;&#1576;&#1575;&#1585;&#1610; &#1563; &#1578;&#1581;&#1602;&#1610;&#1602; &#1591;&#1607; &#1593;&#1576;&#1583; &#1575;&#1604;&#1581;&#1605;&#1610;&#1583; &#1591;&#1607; &#1563; &#1605;&#1585;&#1575;&#1580;&#1593;&#1577; &#1605;&#1589;&#1591;&#1601;&#1609; &#1575;&#1604;&#1587;&#1602;&#1575;.</subfield></datafield><datafield ind1=" " ind2=" " tag="880"><subfield code="6">260-03/r</subfield><subfield code="a">&#1602;&#1605;&#1548; &#1575;&#1610;&#1585;&#1575;&#1606; :</subfield><subfield code="b">&#1575;&#1606;&#1578;&#1588;&#1575;&#1585;&#1575;&#1578; &#1575;&#1604;&#1607;&#1580;&#1585;&#1577;&#1548;</subfield><subfield code="c">&#1633;&#1636;&#1632;&#1635; [&#1633;&#1641;&#1640;&#1634; &#1571;&#1608; &#1633;&#1641;&#1640;&#1635;]</subfield></datafield><datafield ind1="1" ind2=" " tag="880"><subfield code="6">700-04/r</subfield><subfield code="a">&#1591;&#1607;&#1548; &#1591;&#1607; &#1593;&#1576;&#1583; &#1575;&#1604;&#1581;&#1605;&#1610;&#1583;.</subfield></datafield><datafield ind1="1" ind2=" " tag="880"><subfield code="6">700-05/r</subfield><subfield code="a">&#1587;&#1602;&#1575;&#1548; &#1605;&#1589;&#1591;&#1601;&#1609;.</subfield></datafield><datafield ind1=" " ind2=" " tag="959"><subfield code="a">NNU</subfield><subfield code="b">WEB</subfield><subfield code="c">GENI</subfield><subfield code="t">0</subfield><subfield code="m">Electronic access</subfield><subfield code="s">01</subfield></datafield><datafield ind1=" " ind2=" " tag="999"><subfield code="i">NIC_1880480</subfield><subfield code="o">(OCoLC)ocm15550511 </subfield></datafield></record>